@article{Palacio_2025,  
  note      = {\mbox{Preprint}: \href{https://doi.org/10.26434/chemrxiv-2025-crg6c}{10.26434/chemrxiv-2025-crg6c}},
  title = {Molecular charge topologies govern polar nematic ordering},
  author = {{V. Palacio-Betancur and N. Jackson}},
  year = {2025},
 
}

@Book{deGennes,
  author    = {de Gennes, P. G. and Prost, J.},
  title     = {{The Physics of Liquid Crystals}},
  year      = {1993},
}

@Book{Beris1994,
  author    = {Beris, A.N. and Edwards, B.J.},
  title     = {{Thermodynamics of Flowing Systems with Internal Microstructure}},
  year      = {1994},
}

@Comment{jabref-meta: databaseType:bibtex;}
