% Encoding: UTF-8
@Unpublished{Paper_MolGraph2025,
    author = {\textbf{Palacio-Betancur},\textbf{Viviana} and Jackson, Nicholas E.},
    title = {Molecular Charge Topologies Govern Polar Nematic Ordering},    
}

@Unpublished{Paper_Polyprint2025,
    author = {Hwang, Changhyun and \textbf{Palacio-Betancur},\textbf{Viviana} and Jackson, Nicholas E. and Diao, Ying},
    title = {Autonomous processing of polymer films for semiconductor applications},
}

@Unpublished{Paper_Topological2020,
  author    = {\textbf{Palacio-Betancur},\textbf{Viviana} and Armas-P\'erez, Julio C. and Hern\'{a}ndez-Ortiz, Juan P. and de Pablo, Juan J.},
  title     = {Topological dereliction in liquid crystal mediated nano-particle assembly on spherical droplets},
  owner     = {vpalaciob},
  timestamp = {2017.01.25},
}

@Unpublished{Paper_BOGLFEM,
  author    = {\textbf{Palacio-Betancur},\textbf{Viviana} and de Pablo, Juan J.},
  title     = {Exploring nematic hyperparameter space via Bayesian Optimization},
  owner     = {vpalaciob},
  timestamp = {2017.01.25},
}

@Unpublished{Paper_LCEs,
  author    = {Chen*, Chuqiao and \textbf{Palacio-Betancur*},\textbf{Viviana} and Rowan, Stuart and de~Pablo, Juan J.},
  title     = {Modeling of Liquid Crystal Elastomer particles},
  owner     = {vpalaciob},
  timestamp = {2017.01.25},
}

@article{Paper_PolarNem,
  title = {Molecular Charge Topologies Govern Polar Nematic Ordering},
  doi = {10.26434/chemrxiv-2025-crg6c},
  note      = {\mbox{Preprint}:\href{https://doi.org/10.26434/chemrxiv-2025-crg6c}{10.26434/chemrxiv-2025-crg6c}},
  publisher = {American Chemical Society (ACS)},
  author = {\textbf{Palacio-Betancur},  \textbf{Viviana} and Jackson,  Nicholas},
  year = {2025},
  month = oct 
}

@article{Paper_LCPOM,
  title = {{LCPOM}: Precise Reconstruction of Polarized Optical Microscopy Images of Liquid Crystals},
  volume = {36},
  doi = {10.1021/acs.chemmater.3c02425},
  note      = {\\ \mbox{doi}:\href{https://doi.org/10.1021/acs.chemmater.3c02425}{10.1021/acs.chemmater.3c02425}},
  number = {7},
  journal = {Chemistry of Materials},
  publisher = {American Chemical Society (ACS)},
  author = {Chen,  Chuqiao and \textbf{Palacio-Betancur*}, \textbf{Viviana} and Norouzi,  Sepideh and Zubieta-Rico,  Pablo F. and Chang,  Nina and Sadati,  Monirosadat and Rowan,  Stuart J. and de Pablo,  Juan J.},
  year = {2024},
  pages = {3081–3091}
}

@Unpublished{Paper_Cuboids2020,
  author    = {\textbf{Palacio-Betancur*},\textbf{Viviana} and Villada-Gil*, Stiven and Armas-P\'erez, Julio C. and Sadati, Monirosadat and Soni, Vishal and Irvine, William T. and Hern\'{a}ndez-Ortiz, Juan P. and de Pablo, Juan J.},
  title     = {Assembly of nematic superballs via broken defect symmetry},
  owner     = {vpalaciob},
  timestamp = {2017.01.25},
}


@Article{Paper_RBF2016,
  author    = {\textbf{Palacio-Betancur},\textbf{Viviana} and Villada-Gil, Stiven and de Pablo, Juan J. and Hernández-Ortiz, Juan P.},
  journal   = {International Journal for Numerical Methods in Engineering},
  title     = {Educating local radial basis functions using the highest gradient of interest in three dimensional geometries},
  year      = {2016},
  number    = {7},
  pages     = {603--617},
  volume    = {110},
  doi       = {10.1002/nme.5368},
  note      = {\mbox{doi}:\href{https://dx.doi.org/10.1002/nme.5368}{10.1002/nme.5368}},
  keywords  = {radial basis functions, shape parameter optimization, free energy functional, Ginzburg–Landau relaxation},
  publisher = {John Wiley \& Sons, Ltd},
}

@Article{Paper_Conic2019,
  author    = {Wang, Xin and Zhou, Ye and \textbf{Palacio-Betancur},\textbf{Viviana} and Kim, Young-Ki and Delalande, Lily and Tsuei, Michael and Yang, Yu and de Pablo, Juan J. and Abbott, Nicholas L.},
  journal   = {Langmuir},
  title     = {Reconfigurable Multicompartment Emulsion Drops Formed by Nematic Liquid Crystals and Immiscible Perfluorocarbon Oils},
  year      = {2019},
  number    = {49},
  pages     = {16312--16323},
  volume    = {35},
  doi       = {10.1021/acs.langmuir.9b02864},  
  note      = { \\ \mbox{doi}:\href{https://doi.org/10.1021/acs.langmuir.9b02864}{10.1021/acs.langmuir.9b02864}},
  publisher = {American Chemical Society ({ACS})},
}

@Article{Paper_Biaxial2019,
  author    = {Villada-Gil, Stiven and \textbf{Palacio-Betancur},\textbf{Viviana} and Armas-P{\'{e}}rez, Julio C. and de Pablo, Juan J. and Hernández-Ortiz, Juan P.},
  journal   = {Journal of Physics: Condensed Matter},
  title     = {{Fluctuations and phase transitions of uniaxial and biaxial liquid crystals using a theoretically informed Monte Carlo and a Landau free energy density}},
  year      = {2019},
  number    = {17},
  pages     = {175101},
  volume    = {31},
  doi       = {10.1088/1361-648x/ab0394},
  note      = {\mbox{doi}:\href{https://dx.doi.org/10.1088/1361-648x/ab0394}{10.1088/1361-648x/ab0394}},
  publisher = {{IOP} Publishing},
}

@Article{Paper_Tactoids2020,
  author    = {\textbf{Palacio-Betancur},\textbf{Viviana} and Armas-P{\'{e}}rez, Julio C. and Villada-Gil, Stiven and Abbott, Nicholas L. and Hernández-Ortiz, Juan P. and de Pablo, Juan J.},
  journal   = {Soft Matter},
  title     = {Cuboidal liquid crystal phases under multiaxial geometrical frustration},
  year      = {2020},
  number    = {4},
  pages     = {870--880},
  volume    = {16},
  doi       = {10.1039/c9sm02021g},
  note      = {\mbox{doi}:\href{https://dx.doi.org/10.1039/c9sm02021g}{10.1002/c9sm02021g}},
  publisher = {Royal Society of Chemistry ({RSC})},
}


@ARTICLE{Paper_BPnanodrop,
  title     = "Strongly chiral liquid crystals in nanoemulsions",
  author    = "Yang*, Yu and \textbf{Palacio-Betancur*}, \textbf{Viviana} and Wang, Xin and de
               Pablo, Juan J and Abbott, Nicholas L",
  journal   = "Small",
  publisher = "Wiley",
  volume    =  18,
  number    =  10,
  pages     = "e2105835",
  month     =  mar,
  year      =  2022,
  note      = {\mbox{doi}: \href{ https://doi.org/10.1002/smll.202105835}{10.1002/smll.202105835}},
  keywords  = "blue phases; confinement; light scattering; liquid crystals;
               nanoemulsions",
  copyright = "http://onlinelibrary.wiley.com/termsAndConditions\#vor",
  language  = "en"
}

@ARTICLE{Paper_LCFlow,
  title     = "Directing the far-from-equilibrium assembly of nanoparticles in
               confined liquid crystals by hydrodynamic fields",
  author    = "Villada-Gil*, Stiven and \textbf{Palacio-Betancur*}, \textbf{Viviana} and Armas-P{\'e}rez, Julio C and de Pablo, Juan J and Hern{\'a}ndez-Ortiz, Juan P",
  journal   = "Soft Matter",
  publisher = "Royal Society of Chemistry (RSC)",
  note      = {\mbox{doi}:\href{https://doi.org/10.1039/D0SM02221G}{10.1039/d0ss02221g}},
  volume    =  17,
  number    =  12,
  pages     = "3463--3472",
  month     =  mar,
  year      =  2021,
  language  = "en"
}

@ARTICLE{Paper_FrenchExp,
  title     = "Liquid crystal films as active substrates for nanoparticle
               control",
  author    = "Gharbi, Ines and \textbf{Palacio-Betancur}, \textbf{Viviana} and Ayeb, Habib and
               Demaille, Dominique and de Pablo, Juan J and Kamien, Randall D
               and Lacaze, Emmanuelle",
  journal   = "ACS Appl. Nano Mater.",
  publisher = "American Chemical Society (ACS)",
  volume    =  4,
  number    =  7,
  pages     = "6700--6708",
  month     =  jul,
  year      =  2021,
  note      = {\mbox{doi}:\href{https://doi.org/10.1021/acsanm.1c00680}{10.1021/acsanm.1c00680}},
  copyright = "https://creativecommons.org/licenses/by-nc-nd/4.0/",
  language  = "en"
}

@article{Paper_Toroids2023,

  title = {Curvature and confinement effects on chiral liquid crystal morphologies},
  volume = {19},
  ISSN = {1744-6848},
  note = {\mbox{doi}:\href{http://dx.doi.org/10.1039/D3SM00437F}{10.1039/d3sm00437f}},
  DOI = {10.1039/d3sm00437f},
  number = {32},
  journal = {Soft Matter},
  publisher = {Royal Society of Chemistry (RSC)},
  author = {\textbf{Palacio-Betancur},  \textbf{Viviana} and Armas-Pérez,  Julio C. and Hernández-Ortiz,  Juan P. and de Pablo,  Juan J.},
  year = {2023},
  pages = {6066–6073}
}

@InProceedings{APS2019,
  Title = {Nano-confinement of chiral liquid crystals gives rise to exotic blue phases},
  Author = { },
  BookTitle = {APS March Meeting},
  location = {Boston, MA, USA},
  year = {2019},
  howpublished = {\url{http://meetings.aps.org/Meeting/MAR19/Session/E50.6}}
}

@InProceedings{APS2022,
  Title = {Topological dereliction in liquid crystal-mediated nanoparticle assembly on spherical droplets},
  Author = { },
  BookTitle = {APS March Meeting},
  location = {Chicago, IL, USA},
  year = {2022},
  howpublished = {{\urlhttps://meetings.aps.org/Meeting/MAR22/Session/G25.12}}
}

@InProceedings{APS2023_LCE,
Title = {Mesogen alignment in liquid crystal elastomer (\uppercase{LCE}) microparticles under mechanical stress: experiments and simulations},
Author = { },
BookTitle = {APS March Meeting},
location = {Las Vegas, NV, USA},
year = {2023},
howpublished = {{https://meetings.aps.org/Meeting/MAR23/Session/G04.10}}
}

@InProceedings{APS2023_BOLC,
Title = {Exploring {LC} parameter space with experimentally-informed Bayesian optimization},
Author = { },
BookTitle = {APS March Meeting},
location = {Las Vegas, NV, USA},
year = {2023},
howpublished = {{https://meetings.aps.org/Meeting/MAR23/Session/Z07.1}}
}

@InProceedings{APS2023_POM,
Title = {Simulating the vibrant colors of polarizing microscopy images of liquid crystals},
Author = { },
BookTitle = {APS March Meeting},
location = {Las Vegas, NV, USA},
year = {2023},
howpublished = {{https://meetings.aps.org/Meeting/MAR23/Session/G04.10}}
}

@InProceedings{RSCPoster,
Title = {Directing the far-from-equilibrium assembly of nanoparticles in confined liquid crystals by hydrodynamic fields},
Author = { },
BookTitle = {RSC Virtual Poster Session},
year = {2020},
howpublished = {{https://twitter.com/vpalaciob/status/1313884187171213312}}
}

@InProceedings{GRC2019,
  author    = { },
  booktitle = {Gordon Research Conference - Liquid Crystals},
  title     = {Topological dereliction in liquid crystal-mediated particle assembly},
  year      = {2019},
  location  = {New London, NH, USA},
}

@InProceedings{GRC2023,
  author    = { },
  booktitle = {Gordon Research Conference - Liquid Crystals},
  title     = {Exploring {LC} parameter space with experimentally-informed Bayesian optimization},
  year      = {2023},
  location  = {Manchester, NH, USA},
}

@InProceedings{AIChE2023_Topol,
Title = {Topological dereliction in liquid crystal-mediated nanoparticle assembly},
Author = { },
BookTitle = {AIChE Annual Meeting},
location = {Orlando, FL, USA},
year = {2023},
howpublished = {}
}


@InProceedings{APS2016,
  author       = { },
  booktitle    = {APS March Meeting},
  title        = {Tactoids of chiral liquid crystals},
  year         = {2016},
  howpublished = {\url{http://meetings.aps.org/link/BAPS.2016.MAR.P36.10}},
  location     = {Baltimore, MD, USA},
}
@InProceedings{NSF_Workshop,
  author       = { },
  booktitle    = {Future of Faculty Workshop},
  title        = {Liquid crystal theory for Food Systems},
  year         = {2025},
  howpublished = {NSF},
  location     = {University of California, Irvine},
}

@InProceedings{MatSE_Workshop,
  author       = { },
  booktitle    = {Rising Stars in Materials Science and Engineering},
  title        = {Liquid crystal theory for Food Systems},
  year         = {2025},
  howpublished = {},
  location     = {University of Illinois at Urbana-Champaign},
}


@Comment{jabref-meta: databaseType:bibtex;}
